


% Better BibLaTeX: generated
@inproceedings{Acar2006,
  pages = {96–107},
  title = {{An experimental analysis of self-adjusting computation}},
  url = {http://dl.acm.org/citation.cfm?id=1133993},
  volume = {{41}},
  booktitle = {{ACM SIGPLAN Notices}},
  publisher = {{ACM}},
  author = {Acar, Umut A. and Blelloch, Guy E. and Blume, Matthias and Tangwongsan, Kanat},
  urldate = {2014-06-19},
  date = {2006},
  year = {2006},
  file = {[PDF] von cmu.edu:C\:\\Users\\Emi\\AppData\\Roaming\\Mozilla\\Firefox\\Profiles\\7l4f2umy.default\\zotero\\storage\\5Z9SZS36\\Acar et al. - 2006 - An experimental analysis of self-adjusting computa.pdf:application/pdf;Snapshot:C\:\\Users\\Emi\\AppData\\Roaming\\Mozilla\\Firefox\\Profiles\\7l4f2umy.default\\zotero\\storage\\8XHC36NV\\citation.html:text/html}
}

% Better BibLaTeX: generated
@inproceedings{Hammer2009,
  pages = {25–37},
  shorttitle = {{CEAL}},
  title = {{CEAL: a C-based language for self-adjusting computation}},
  url = {http://dl.acm.org/citation.cfm?id=1542480},
  volume = {{44}},
  booktitle = {{ACM Sigplan Notices}},
  publisher = {{ACM}},
  author = {Hammer, Matthew A. and Acar, Umut A. and Chen, Yan},
  urldate = {2014-06-19},
  date = {2009},
  year = {2009},
  file = {[PDF] von mpi-sws.org:C\:\\Users\\Emi\\AppData\\Roaming\\Mozilla\\Firefox\\Profiles\\7l4f2umy.default\\zotero\\storage\\XPTUEUMD\\Hammer et al. - 2009 - CEAL a C-based language for self-adjusting comput.pdf:application/pdf;Snapshot:C\:\\Users\\Emi\\AppData\\Roaming\\Mozilla\\Firefox\\Profiles\\7l4f2umy.default\\zotero\\storage\\KGVGFM9M\\citation.html:text/html}
}

% Better BibLaTeX: generated
@inproceedings{Murray2011,
  pages = {9–9},
  shorttitle = {{CIEL}},
  title = {{CIEL: A Universal Execution Engine for Distributed Data-Flow Computing.}},
  url = {https://www.usenix.org/legacy/event/nsdi11/tech/full\_papers/Murray.pdf},
  volume = {{11}},
  booktitle = {{NSDI}},
  author = {Murray, Derek Gordon and Schwarzkopf, Malte and Smowton, Christopher and Smith, Steven and Madhavapeddy, Anil and Hand, Steven},
  urldate = {2014-06-19},
  date = {2011},
  year = {2011},
  file = {[PDF] von usenix.org:C\:\\Users\\Emi\\AppData\\Roaming\\Mozilla\\Firefox\\Profiles\\7l4f2umy.default\\zotero\\storage\\4PUFBUMA\\Murray et al. - 2011 - CIEL A Universal Execution Engine for Distributed.pdf:application/pdf}
}

% Better BibLaTeX: generated
@inproceedings{Ley-Wild2008,
  pages = {321–334},
  title = {{Compiling self-adjusting programs with continuations}},
  url = {http://dl.acm.org/citation.cfm?id=1411249},
  volume = {{43}},
  booktitle = {{ACM Sigplan Notices}},
  publisher = {{ACM}},
  author = {Ley-Wild, Ruy and Fluet, Matthew and Acar, Umut A.},
  urldate = {2014-06-19},
  date = {2008},
  year = {2008},
  file = {[PDF] von uchicago.edu:C\:\\Users\\Emi\\AppData\\Roaming\\Mozilla\\Firefox\\Profiles\\7l4f2umy.default\\zotero\\storage\\WWCT52P6\\Ley-Wild et al. - 2008 - Compiling self-adjusting programs with continuatio.pdf:application/pdf;Snapshot:C\:\\Users\\Emi\\AppData\\Roaming\\Mozilla\\Firefox\\Profiles\\7l4f2umy.default\\zotero\\storage\\T9SQ5F8S\\citation.html:text/html}
}

% Better BibLaTeX: generated
@inproceedings{Zaharia2013,
  pages = {423–438},
  shorttitle = {{Discretized streams}},
  title = {{Discretized streams: Fault-tolerant streaming computation at scale}},
  url = {http://dl.acm.org/citation.cfm?id=2522737},
  booktitle = {{Proceedings of the Twenty-Fourth ACM Symposium on Operating Systems Principles}},
  publisher = {{ACM}},
  author = {Zaharia, Matei and Das, Tathagata and Li, Haoyuan and Hunter, Timothy and Shenker, Scott and Stoica, Ion},
  urldate = {2014-06-19},
  date = {2013},
  year = {2013},
  file = {[PDF] von mit.edu:C\:\\Users\\Emi\\AppData\\Roaming\\Mozilla\\Firefox\\Profiles\\7l4f2umy.default\\zotero\\storage\\PQHW5U6J\\Zaharia et al. - 2013 - Discretized streams Fault-tolerant streaming comp.pdf:application/pdf;Snapshot:C\:\\Users\\Emi\\AppData\\Roaming\\Mozilla\\Firefox\\Profiles\\7l4f2umy.default\\zotero\\storage\\2K933M6M\\citation.html:text/html}
}

% Better BibLaTeX: generated
@online{zotero-JDXDX96D,
  title = {{Formal Analysis of a Distributed Algorithm for Tracking Progress - Microsoft Research}},
  url = {https://research.microsoft.com/apps/pubs/default.aspx?id=199767},
  urldate = {2014-06-19},
  file = {Formal Analysis of a Distributed Algorithm for Tracking Progress - Microsoft Research:C\:\\Users\\Emi\\AppData\\Roaming\\Mozilla\\Firefox\\Profiles\\7l4f2umy.default\\zotero\\storage\\IZ3G8QR9\\default.html:text/html}
}

% Better BibLaTeX: generated
@article{Chen2014,
  title = {{Functional Programming for Dynamic and Large Data with Self-Adjusting Computation}},
  url = {http://www.mpi-sws.org/~chenyan/papers/icfp14.pdf},
  author = {Chen, Yan and Acar, Umut A. and Tangwongsan, Kanat},
  urldate = {2014-06-19},
  date = {2014},
  year = {2014},
  file = {[PDF] von mpi-sws.org:C\:\\Users\\Emi\\AppData\\Roaming\\Mozilla\\Firefox\\Profiles\\7l4f2umy.default\\zotero\\storage\\WN6VT3PZ\\Chen et al. - 2014 - Functional Programming for Dynamic and Large Data .pdf:application/pdf}
}

% Better BibLaTeX: generated
@inproceedings{Acar2008,
  pages = {309–322},
  title = {{Imperative self-adjusting computation}},
  url = {http://dl.acm.org/citation.cfm?id=1328476},
  volume = {{43}},
  booktitle = {{ACM SIGPLAN Notices}},
  publisher = {{ACM}},
  author = {Acar, Umut A. and Ahmed, Amal and Blume, Matthias},
  urldate = {2014-06-19},
  date = {2008},
  year = {2008},
  file = {[PDF] von uchicago.edu:C\:\\Users\\Emi\\AppData\\Roaming\\Mozilla\\Firefox\\Profiles\\7l4f2umy.default\\zotero\\storage\\Z29ARABX\\Acar et al. - 2008 - Imperative self-adjusting computation.pdf:application/pdf;Snapshot:C\:\\Users\\Emi\\AppData\\Roaming\\Mozilla\\Firefox\\Profiles\\7l4f2umy.default\\zotero\\storage\\D9A7WTNW\\citation.html:text/html}
}

% Better BibLaTeX: generated
@inproceedings{Pugh1989,
  pages = {315–328},
  title = {{Incremental computation via function caching}},
  url = {http://dl.acm.org/citation.cfm?id=75305},
  booktitle = {{Proceedings of the 16th ACM SIGPLAN-SIGACT symposium on Principles of programming languages}},
  publisher = {{ACM}},
  author = {Pugh, William and Teitelbaum, Tim},
  urldate = {2014-06-19},
  date = {1989},
  year = {1989},
  file = {Snapshot:C\:\\Users\\Emi\\AppData\\Roaming\\Mozilla\\Firefox\\Profiles\\7l4f2umy.default\\zotero\\storage\\QDFK4IK5\\citation.html:text/html}
}

% Better BibLaTeX: generated
@inproceedings{Demers1981,
  pages = {105–116},
  title = {{Incremental evaluation for attribute grammars with application to syntax-directed editors}},
  url = {http://dl.acm.org/citation.cfm?id=567544},
  booktitle = {{Proceedings of the 8th ACM SIGPLAN-SIGACT symposium on Principles of programming languages}},
  publisher = {{ACM}},
  author = {Demers, Alan and Reps, Thomas and Teitelbaum, Tim},
  urldate = {2014-06-19},
  date = {1981},
  year = {1981},
  file = {Snapshot:C\:\\Users\\Emi\\AppData\\Roaming\\Mozilla\\Firefox\\Profiles\\7l4f2umy.default\\zotero\\storage\\C6Z9M3ZM\\citation.html:text/html}
}

% Better BibLaTeX: generated
@inproceedings{Peng2010,
  pages = {1–15},
  title = {{Large-scale Incremental Processing Using Distributed Transactions and Notifications.}},
  url = {https://www.usenix.org/legacy/events/osdi10/tech/full\_papers/Peng.pdf?origin=publication\_detail},
  volume = {{10}},
  booktitle = {{OSDI}},
  author = {Peng, Daniel and Dabek, Frank},
  urldate = {2014-06-19},
  date = {2010},
  year = {2010},
  file = {[PDF] von usenix.org:C\:\\Users\\Emi\\AppData\\Roaming\\Mozilla\\Firefox\\Profiles\\7l4f2umy.default\\zotero\\storage\\94BPBKC3\\Peng and Dabek - 2010 - Large-scale Incremental Processing Using Distribut.pdf:application/pdf}
}

% Better BibLaTeX: generated
@online{zotero-8SNN646T,
  title = {{Naiad: A Timely Dataflow System - Microsoft Research}},
  url = {https://research.microsoft.com/apps/pubs/default.aspx?id=201100},
  urldate = {2014-06-19},
  file = {Naiad\: A Timely Dataflow System - Microsoft Research:C\:\\Users\\Emi\\AppData\\Roaming\\Mozilla\\Firefox\\Profiles\\7l4f2umy.default\\zotero\\storage\\VR8C6R8K\\default.html:text/html}
}

% Better BibLaTeX: generated
@inproceedings{Ke2013,
  pages = {15–28},
  shorttitle = {{Optimus}},
  title = {{Optimus: A dynamic rewriting framework for data-parallel execution plans}},
  url = {http://dl.acm.org/citation.cfm?id=2465354},
  booktitle = {{Proceedings of the 8th ACM European Conference on Computer Systems}},
  publisher = {{ACM}},
  author = {Ke, Qifa and Isard, Michael and Yu, Yuan},
  urldate = {2014-06-19},
  date = {2013},
  year = {2013},
  file = {[PDF] von msr-waypoint.com:C\:\\Users\\Emi\\AppData\\Roaming\\Mozilla\\Firefox\\Profiles\\7l4f2umy.default\\zotero\\storage\\HP6MR7B2\\Ke et al. - 2013 - Optimus A dynamic rewriting framework for data-pa.pdf:application/pdf;Snapshot:C\:\\Users\\Emi\\AppData\\Roaming\\Mozilla\\Firefox\\Profiles\\7l4f2umy.default\\zotero\\storage\\A9QTJ3QM\\citation.html:text/html}
}

% Better BibLaTeX: pinned
@thesis{Acar2005,
  title = {{Self-adjusting computation}},
  institution = {{Citeseer}},
  type = {phdthesis},
  author = {Acar, Umut A.},
  date = {2005},
  year = {2005},
  file = {[PDF] von cmu.edu:C\:\\Users\\Emi\\AppData\\Roaming\\Mozilla\\Firefox\\Profiles\\7l4f2umy.default\\zotero\\storage\\GGI387J4\\Acar - 2005 - Self-adjusting computation.pdf:application/pdf}
}

% Better BibLaTeX: generated
@inbook{Harper2004,
  pages = {1–2},
  title = {{Self-adjusting computation}},
  url = {http://link.springer.com/chapter/10.1007/978-3-540-27836-8\_1},
  booktitle = {{Automata, Languages and Programming}},
  publisher = {{Springer}},
  author = {Harper, Robert},
  urldate = {2014-06-19},
  date = {2004},
  year = {2004},
  file = {Snapshot:C\:\\Users\\Emi\\AppData\\Roaming\\Mozilla\\Firefox\\Profiles\\7l4f2umy.default\\zotero\\storage\\XZSG9B86\\978-3-540-27836-8_1.html:text/html}
}
