@article{heydon2000caching,
  title={Caching function calls using precise dependencies},
  author={Heydon, Allan and Levin, Roy and Yu, Yuan},
  journal={ACM SIGPLAN Notices},
  volume={35},
  number={5},
  pages={311--320},
  year={2000},
  publisher={ACM}
}
@article{lombardi1967incremental,
  title={Incremental computation},
  author={Lombardi, Lionello},
  journal={Advances in Computers},
  volume={8},
  pages={247--333},
  year={1967}
}


@inproceedings{Ramalingam:IncrementalBibliography,
 author = {Ramalingam, G. and Reps, Thomas},
 title = {A Categorized Bibliography on Incremental Computation},
 booktitle = {Proceedings of the 20th ACM SIGPLAN-SIGACT Symposium on Principles of Programming Languages},
 series = {POPL '93},
 year = {1993},
 isbn = {0-89791-560-7},
 location = {Charleston, South Carolina, USA},
 pages = {502--510},
 numpages = {9},
 url = {http://doi.acm.org/10.1145/158511.158710},
 doi = {10.1145/158511.158710},
 acmid = {158710},
 publisher = {ACM},
 address = {New York, NY, USA},
} 
@article{acar2006adaptive,
  title={Adaptive functional programming},
  author={Acar, Umut A and Blelloch, Guy E and Harper, Robert},
  journal={ACM Transactions on Programming Languages and Systems (TOPLAS)},
  volume={28},
  number={6},
  pages={990--1034},
  year={2006},
  publisher={ACM}
}
@phdthesis{stocker2010scala,
  title={Scala Refactoring},
  author={Stocker, Mirko},
  year={2010},
  school={HSR Hochschule f{\"u}r Technik Rapperswil}
}

@inproceedings{cohen1991dynamic,
  title={Dynamic expression trees and their applications},
  author={Cohen, Robert F and Tamassia, Roberto},
  booktitle={SODA},
  pages={52--61},
  year={1991}
}
@article{liu1995systematic,
  title={Systematic derivation of incremental programs},
  author={Liu, Yanhong A and Teitelbaum, Tim},
  journal={Science of Computer Programming},
  volume={24},
  number={1},
  pages={1--39},
  year={1995},
  publisher={Elsevier}
}
@TechReport {naiadIncremental,
abstract     = {<p>We report on the design and implementation of Naiad, a set of declarative
                data-parallel language extensions and an associated runtime supporting efficient
                and composable incremental and iterative computation.  This combination is
                enabled by a new computational model we call differential dataflow, in which
                incremental computation can be performed using a partial, rather than total,
                order on time.</p>

                <p>Naiad extends standard batch data-parallel processing models like MapReduce,
                Hadoop, and Dryad/DryadLINQ, to support efficient incremental updates to the
                inputs in the manner of a stream processing system, while at the same time
                enabling arbitrarily nested fixed-point iteration.  In this paper, we evaluate a
                prototype of Naiad that uses shared memory on a single multi-core computer.  We
                apply Naiad to various computations, including several graph algorithms, and
                observe good scaling properties and efficient incremental recomputation.</p>},
author       = {Frank McSherry and Rebecca Isaacs and Michael Isard and Derek G. Murray},
month        = {October},
number       = {MSR-TR-2012-105},
publisher    = {Microsoft Research},
title        = {Composable Incremental and Iterative Data-Parallel Computation with Naiad},
url          = {http://research.microsoft.com/apps/pubs/default.aspx?id=174076},
year         = {2012},
}
@article{hoare1962quicksort,
  title={Quicksort},
  author={Hoare, Charles AR},
  journal={The Computer Journal},
  volume={5},
  number={1},
  pages={10--16},
  year={1962},
  publisher={Br Computer Soc}
}



@inproceedings{acar2004dynamizing,
  title={Dynamizing static algorithms, with applications to dynamic trees and history independence},
  author={Acar, Umut A and Blelloch, Guy E and Harper, Robert and Vittes, Jorge L and Woo, Shan Leung Maverick},
  booktitle={Proceedings of the fifteenth annual ACM-SIAM symposium on Discrete algorithms},
  pages={531--540},
  year={2004},
  organization={Society for Industrial and Applied Mathematics}
}



% Better BibLaTeX: generated
@inproceedings{Acar2006,
  pages = {96–107},
  title = {{An experimental analysis of self-adjusting computation}},
  url = {http://dl.acm.org/citation.cfm?id=1133993},
  volume = {{41}},
  booktitle = {{ACM SIGPLAN Notices}},
  publisher = {{ACM}},
  author = {Acar, Umut A. and Blelloch, Guy E. and Blume, Matthias and Tangwongsan, Kanat},
  urldate = {2014-06-19},
  date = {2006},
  year = {2006},
  file = {[PDF] von cmu.edu:C\:\\Users\\Emi\\AppData\\Roaming\\Mozilla\\Firefox\\Profiles\\7l4f2umy.default\\zotero\\storage\\5Z9SZS36\\Acar et al. - 2006 - An experimental analysis of self-adjusting computa.pdf:application/pdf;Snapshot:C\:\\Users\\Emi\\AppData\\Roaming\\Mozilla\\Firefox\\Profiles\\7l4f2umy.default\\zotero\\storage\\8XHC36NV\\citation.html:text/html}
}

% Better BibLaTeX: generated
@inproceedings{Hammer2009,
  pages = {25–37},
  shorttitle = {{CEAL}},
  title = {{CEAL: a C-based language for self-adjusting computation}},
  url = {http://dl.acm.org/citation.cfm?id=1542480},
  volume = {{44}},
  booktitle = {{ACM Sigplan Notices}},
  publisher = {{ACM}},
  author = {Hammer, Matthew A. and Acar, Umut A. and Chen, Yan},
  urldate = {2014-06-19},
  date = {2009},
  year = {2009},
  file = {[PDF] von mpi-sws.org:C\:\\Users\\Emi\\AppData\\Roaming\\Mozilla\\Firefox\\Profiles\\7l4f2umy.default\\zotero\\storage\\XPTUEUMD\\Hammer et al. - 2009 - CEAL a C-based language for self-adjusting comput.pdf:application/pdf;Snapshot:C\:\\Users\\Emi\\AppData\\Roaming\\Mozilla\\Firefox\\Profiles\\7l4f2umy.default\\zotero\\storage\\KGVGFM9M\\citation.html:text/html}
}

% Better BibLaTeX: generated
@inproceedings{Ley-Wild2008,
  pages = {321–334},
  title = {{Compiling self-adjusting programs with continuations}},
  url = {http://dl.acm.org/citation.cfm?id=1411249},
  volume = {{43}},
  booktitle = {{ACM Sigplan Notices}},
  publisher = {{ACM}},
  author = {Ley-Wild, Ruy and Fluet, Matthew and Acar, Umut A.},
  urldate = {2014-06-19},
  date = {2008},
  year = {2008},
  file = {[PDF] von uchicago.edu:C\:\\Users\\Emi\\AppData\\Roaming\\Mozilla\\Firefox\\Profiles\\7l4f2umy.default\\zotero\\storage\\WWCT52P6\\Ley-Wild et al. - 2008 - Compiling self-adjusting programs with continuatio.pdf:application/pdf;Snapshot:C\:\\Users\\Emi\\AppData\\Roaming\\Mozilla\\Firefox\\Profiles\\7l4f2umy.default\\zotero\\storage\\T9SQ5F8S\\citation.html:text/html}
}

% Better BibLaTeX: generated
@inproceedings{Zaharia2013,
  pages = {423–438},
  shorttitle = {{Discretized streams}},
  title = {{Discretized streams: Fault-tolerant streaming computation at scale}},
  url = {http://dl.acm.org/citation.cfm?id=2522737},
  booktitle = {{Proceedings of the Twenty-Fourth ACM Symposium on Operating Systems Principles}},
  publisher = {{ACM}},
  author = {Zaharia, Matei and Das, Tathagata and Li, Haoyuan and Hunter, Timothy and Shenker, Scott and Stoica, Ion},
  urldate = {2014-06-19},
  date = {2013},
  year = {2013},
  file = {[PDF] von mit.edu:C\:\\Users\\Emi\\AppData\\Roaming\\Mozilla\\Firefox\\Profiles\\7l4f2umy.default\\zotero\\storage\\PQHW5U6J\\Zaharia et al. - 2013 - Discretized streams Fault-tolerant streaming comp.pdf:application/pdf;Snapshot:C\:\\Users\\Emi\\AppData\\Roaming\\Mozilla\\Firefox\\Profiles\\7l4f2umy.default\\zotero\\storage\\2K933M6M\\citation.html:text/html}
}

% Better BibLaTeX: generated
@online{zotero-JDXDX96D,
  title = {{Formal Analysis of a Distributed Algorithm for Tracking Progress - Microsoft Research}},
  url = {https://research.microsoft.com/apps/pubs/default.aspx?id=199767},
  urldate = {2014-06-19},
  file = {Formal Analysis of a Distributed Algorithm for Tracking Progress - Microsoft Research:C\:\\Users\\Emi\\AppData\\Roaming\\Mozilla\\Firefox\\Profiles\\7l4f2umy.default\\zotero\\storage\\IZ3G8QR9\\default.html:text/html}
}

% Better BibLaTeX: generated
@article{Chen2014,
  title = {{Functional Programming for Dynamic and Large Data with Self-Adjusting Computation}},
  url = {http://www.mpi-sws.org/~chenyan/papers/icfp14.pdf},
  author = {Chen, Yan and Acar, Umut A. and Tangwongsan, Kanat},
  urldate = {2014-06-19},
  date = {2014},
  year = {2014},
  file = {[PDF] von mpi-sws.org:C\:\\Users\\Emi\\AppData\\Roaming\\Mozilla\\Firefox\\Profiles\\7l4f2umy.default\\zotero\\storage\\WN6VT3PZ\\Chen et al. - 2014 - Functional Programming for Dynamic and Large Data .pdf:application/pdf}
}

% Better BibLaTeX: generated
@inproceedings{Acar2008,
  title = {{Imperative self-adjusting computation}},
  url = {http://dl.acm.org/citation.cfm?id=1328476},
  volume = {{43}},
  booktitle = {{ACM SIGPLAN Notices}},
  publisher = {{ACM}},
  author = {Acar, Umut A. and Ahmed, Amal and Blume, Matthias},
  urldate = {2014-06-19},
  date = {2008},
  year = {2008},
  file = {[PDF] von uchicago.edu:C\:\\Users\\Emi\\AppData\\Roaming\\Mozilla\\Firefox\\Profiles\\7l4f2umy.default\\zotero\\storage\\Z29ARABX\\Acar et al. - 2008 - Imperative self-adjusting computation.pdf:application/pdf;Snapshot:C\:\\Users\\Emi\\AppData\\Roaming\\Mozilla\\Firefox\\Profiles\\7l4f2umy.default\\zotero\\storage\\D9A7WTNW\\citation.html:text/html}
}

% Better BibLaTeX: generated
@inproceedings{Pugh1989,
  pages = {315–328},
  title = {{Incremental computation via function caching}},
  url = {http://dl.acm.org/citation.cfm?id=75305},
  booktitle = {{Proceedings of the 16th ACM SIGPLAN-SIGACT symposium on Principles of programming languages}},
  publisher = {{ACM}},
  author = {Pugh, William and Teitelbaum, Tim},
  urldate = {2014-06-19},
  date = {1989},
  year = {1989},
  file = {Snapshot:C\:\\Users\\Emi\\AppData\\Roaming\\Mozilla\\Firefox\\Profiles\\7l4f2umy.default\\zotero\\storage\\QDFK4IK5\\citation.html:text/html}
}

% Better BibLaTeX: generated
@inproceedings{Demers1981,
  pages = {105–116},
  title = {{Incremental evaluation for attribute grammars with application to syntax-directed editors}},
  url = {http://dl.acm.org/citation.cfm?id=567544},
  booktitle = {{Proceedings of the 8th ACM SIGPLAN-SIGACT symposium on Principles of programming languages}},
  publisher = {{ACM}},
  author = {Demers, Alan and Reps, Thomas and Teitelbaum, Tim},
  urldate = {2014-06-19},
  date = {1981},
  year = {1981},
  file = {Snapshot:C\:\\Users\\Emi\\AppData\\Roaming\\Mozilla\\Firefox\\Profiles\\7l4f2umy.default\\zotero\\storage\\C6Z9M3ZM\\citation.html:text/html}
}

% Better BibLaTeX: generated
@inproceedings{Peng2010,
  pages = {1–15},
  title = {{Large-scale Incremental Processing Using Distributed Transactions and Notifications.}},
  url = {https://www.usenix.org/legacy/events/osdi10/tech/full\_papers/Peng.pdf?origin=publication\_detail},
  volume = {{10}},
  booktitle = {{OSDI}},
  author = {Peng, Daniel and Dabek, Frank},
  urldate = {2014-06-19},
  date = {2010},
  year = {2010},
  file = {[PDF] von usenix.org:C\:\\Users\\Emi\\AppData\\Roaming\\Mozilla\\Firefox\\Profiles\\7l4f2umy.default\\zotero\\storage\\94BPBKC3\\Peng and Dabek - 2010 - Large-scale Incremental Processing Using Distribut.pdf:application/pdf}
}

% Better BibLaTeX: generated
@online{zotero-8SNN646T,
  title = {{Naiad: A Timely Dataflow System - Microsoft Research}},
  url = {https://research.microsoft.com/apps/pubs/default.aspx?id=201100},
  urldate = {2014-06-19},
  file = {Naiad\: A Timely Dataflow System - Microsoft Research:C\:\\Users\\Emi\\AppData\\Roaming\\Mozilla\\Firefox\\Profiles\\7l4f2umy.default\\zotero\\storage\\VR8C6R8K\\default.html:text/html}
}
@inproceedings{ley2008compiling,
  title={Compiling self-adjusting programs with continuations},
  author={Ley-Wild, Ruy and Fluet, Matthew and Acar, Umut A},
  booktitle={ACM Sigplan Notices},
  volume={43},
  number={9},
  pages={321--334},
  year={2008},
  organization={ACM}
}

% Better BibLaTeX: generated
@inproceedings{Ke2013,
  pages = {15–28},
  shorttitle = {{Optimus}},
  title = {{Optimus: A dynamic rewriting framework for data-parallel execution plans}},
  url = {http://dl.acm.org/citation.cfm?id=2465354},
  booktitle = {{Proceedings of the 8th ACM European Conference on Computer Systems}},
  publisher = {{ACM}},
  author = {Ke, Qifa and Isard, Michael and Yu, Yuan},
  urldate = {2014-06-19},
  date = {2013},
  year = {2013},
  file = {[PDF] von msr-waypoint.com:C\:\\Users\\Emi\\AppData\\Roaming\\Mozilla\\Firefox\\Profiles\\7l4f2umy.default\\zotero\\storage\\HP6MR7B2\\Ke et al. - 2013 - Optimus A dynamic rewriting framework for data-pa.pdf:application/pdf;Snapshot:C\:\\Users\\Emi\\AppData\\Roaming\\Mozilla\\Firefox\\Profiles\\7l4f2umy.default\\zotero\\storage\\A9QTJ3QM\\citation.html:text/html}
}

% Better BibLaTeX: pinned
@thesis{Acar2005thesis,
  title = {{Self-adjusting computation}},
  institution = {{Citeseer}},
  type = {phdthesis},
  author = {Acar, Umut A.},
  date = {2005},
  year = {2005},
  file = {[PDF] von cmu.edu:C\:\\Users\\Emi\\AppData\\Roaming\\Mozilla\\Firefox\\Profiles\\7l4f2umy.default\\zotero\\storage\\GGI387J4\\Acar - 2005 - Self-adjusting computation.pdf:application/pdf}
}

% Better BibLaTeX: generated
@inbook{Harper2004,
  pages = {1–2},
  title = {{Self-adjusting computation}},
  url = {http://link.springer.com/chapter/10.1007/978-3-540-27836-8\_1},
  booktitle = {{Automata, Languages and Programming}},
  publisher = {{Springer}},
  author = {Harper, Robert},
  urldate = {2014-06-19},
  date = {2004},
  year = {2004},
  file = {Snapshot:C\:\\Users\\Emi\\AppData\\Roaming\\Mozilla\\Firefox\\Profiles\\7l4f2umy.default\\zotero\\storage\\XZSG9B86\\978-3-540-27836-8_1.html:text/html}
}

@inproceedings{burmako2013scala,
  title={Scala macros: let our powers combine!: on how rich syntax and static types work with metaprogramming},
  author={Burmako, Eugene},
  booktitle={Proceedings of the 4th Workshop on Scala},
  pages={3},
  year={2013},
  organization={ACM}
}

@article{church1936note,
  title={A note on the Entscheidungsproblem},
  author={Church, Alonzo},
  journal={The journal of symbolic logic},
  volume={1},
  number={01},
  pages={40--41},
  year={1936},
  publisher={Cambridge Univ Press}
}

@inproceedings{vokolos1998performance,
  title={Performance testing of software systems},
  author={Vokolos, Filippos I and Weyuker, Elaine J},
  booktitle={Proceedings of the 1st international workshop on Software and performance},
  pages={80--87},
  year={1998},
  organization={ACM}
}

@MISC{Guibas98kineticdata,
    author = {Leonidas J. Guibas},
    title = {Kinetic Data Structures -- A State of the Art Report},
    year = {1998}
}

@article{yu2008practical,
  title={Practical methods for shape fitting and kinetic data structures using coresets},
  author={Yu, Hai and Agarwal, Pankaj K and Poreddy, Raghunath and Varadarajan, Kasturi R},
  journal={Algorithmica},
  volume={52},
  number={3},
  pages={378--402},
  year={2008},
  publisher={Springer}
}

@article{basch2004kinetic,
  title={Kinetic collision detection between two simple polygons},
  author={Basch, Julien and Erickson, Jeff and Guibas, Leonidas J and Hershberger, John and Zhang, Li},
  journal={Computational Geometry},
  volume={27},
  number={3},
  pages={211--235},
  year={2004},
  publisher={Elsevier}
}

@incollection{acar2007consistent,
  title={A consistent semantics of self-adjusting computation},
  author={Acar, Umut A and Blume, Matthias and Donham, Jacob},
  booktitle={Programming Languages and Systems},
  pages={458--474},
  year={2007},
  publisher={Springer}
}
